<record><leader>00000cas a22000007a 4500</leader><controlfield tag="001">20383727</controlfield><controlfield tag="008">890922d18921914mouwr ne      0    0eng d</controlfield><datafield ind1=" " ind2=" " tag="010"><subfield code="a">sn 89067050 </subfield></datafield><datafield ind1=" " ind2=" " tag="040"><subfield code="a">MQN</subfield><subfield code="b">eng</subfield><subfield code="c">MQN</subfield><subfield code="d">OCLCQ</subfield></datafield><datafield ind1=" " ind2=" " tag="042"><subfield code="a">msc</subfield></datafield><datafield ind1="0" ind2=" " tag="130"><subfield code="a">Granby miner (Granby, Mo. : 1892)</subfield></datafield><datafield ind1="1" ind2="4" tag="245"><subfield code="a">The Granby miner.</subfield></datafield><datafield ind1=" " ind2=" " tag="260"><subfield code="a">Granby, Mo. :</subfield><subfield code="b">Jno. W. Dautrich,</subfield><subfield code="c">-1914.</subfield></datafield><datafield ind1=" " ind2=" " tag="300"><subfield code="a">v.</subfield></datafield><datafield ind1=" " ind2=" " tag="310"><subfield code="a">Weekly</subfield></datafield><datafield ind1="1" ind2=" " tag="362"><subfield code="a">Began in 1892?</subfield></datafield><datafield ind1="0" ind2=" " tag="362"><subfield code="a">-v. 22, no. 5 (Feb. 27, 1914).</subfield></datafield><datafield ind1=" " ind2=" " tag="588"><subfield code="a">Description based on: Vol. 21, no. 4 (Feb. 21, 1913).</subfield></datafield><datafield ind1=" " ind2=" " tag="752"><subfield code="a">United States</subfield><subfield code="b">Missouri</subfield><subfield code="c">Newton</subfield><subfield code="d">Granby.</subfield></datafield><datafield ind1="0" ind2="0" tag="785"><subfield code="t">Granby Missourian</subfield><subfield code="w">(DLC)sn 89067051</subfield></datafield></record>